<?xml version="1.0" encoding="UTF-8"?><collection xmlns="http://www.loc.gov/MARC21/slim"><record><leader>00450nam--2200169-i-4500</leader><controlfield tag="001">000007861</controlfield><controlfield tag="002">20161230</controlfield><controlfield tag="005">20161230201027</controlfield><controlfield tag="008">060222s1000------------r-----000-0-eng-d</controlfield><datafield ind1=" " ind2=" " tag="040"><subfield code="a">IFIN-HH</subfield></datafield><datafield ind1=" " ind2=" " tag="080"><subfield code="a">800.7:802.0:800.935.62:62</subfield></datafield><datafield ind1="1" ind2=" " tag="100"><subfield code="a">Danila, Viorica</subfield></datafield><datafield ind1="1" ind2="0" tag="245"><subfield code="a">Engleza pentru ingineri si tehnicieni</subfield><subfield code="c">Viorica danila</subfield></datafield><datafield ind1=" " ind2=" " tag="260"><subfield code="a">Bucuresti</subfield><subfield code="b">Editura Tehnica</subfield><subfield code="c">1966</subfield></datafield><datafield ind1=" " ind2=" " tag="300"><subfield code="a">511P</subfield></datafield><datafield ind1=" " ind2=" " tag="852"><subfield code="a">11494</subfield><subfield code="c">4</subfield></datafield><datafield ind1=" " ind2=" " tag="CAT"><subfield code="a">Sys</subfield><subfield code="c">20130130</subfield><subfield code="h">173417</subfield></datafield></record></collection>